@misc{nakamoto_2008,
    author = {Satoshi Nakamoto},
    title = {{Bitcoin: A Peer-to-Peer Electronic Cash System}},
    year = {2008},
    note = {\url{https://bitcoin.org/bitcoin.pdf} [dostęp dnia 2 grudnia 2024]}
}
@misc{etherscan_api,
	author = {Etherscan},
	title = {{Etherscan API Documentation}},
	note = {\url{https://docs.etherscan.io/} [dostęp dnia 2 grudnia 2024]},
	year = {2024}
}
@misc{coinmarketcap_api,
	author = {CoinMarketCap},
	title = {{CoinMarketCap API Documentation}},
	note = {\url{https://coinmarketcap.com/api/} [dostęp dnia 2 grudnia 2024]},
	year = {2024}
}
@misc{alchemy_api,
	author = {Alchemy},
	title = {{Alchemy API Reference}},
	note = {\url{https://docs.alchemy.com/reference/api-overview} [dostęp dnia 2 grudnia 2024]},
	year = {2024}
}

@book{mastering_blockchain,
	author = {Imran Bashir},
	title = {{Mastering Blockchain - Fourth Edition}},
	publisher = {O'Reilly Media},
	year = {2023},
	note = {\url{https://www.oreilly.com/library/view/mastering-blockchain/9781803241067/} [dostęp dnia 2 grudnia 2024]}
}

@book{advanced_blockchain_technology,
	author = {Liang Cai and Qilei Li and Xiubo Liang},
	title = {{Advanced Blockchain Technology: Frameworks and Enterprise-Level Practices}},
	publisher = {Springer},
	year = {2023},
	note = {\url{https://link.springer.com/book/10.1007/978-981-19-3596-1} [dostęp dnia 2 grudnia 2024]}
}

@book{advanced_blockchain_development,
	author = {Narayan Prusty},
	title = {{Advanced Blockchain Development}},
	publisher = {Packt Publishing},
	year = {2020},
	note = {\url{https://www.oreilly.com/library/view/advanced-blockchain-development/9781838823191/} [dostęp dnia 2 grudnia 2024]}
}
